@article{1,
  title={A},
  author = {{}},
  year={[1]},
}

@article{2,
  title={A},
  author={{}},
  year={[2]},
}

@article{3,
  title={A},
  author={{}},
  year={[3]},
}

@article{4,
  title={A},
  author={{}},
  year={[4]},
}

@article{5,
  title={A},
  author={{}},
  year={[5]},
}

@article{6,
  title={A},
  author={{}},
  year={[6]},
}

@article{7,
  title={A},
  author={{}},
  year={[7]},
}

@article{8,
  title={A},
  author={{}},
  year={[8]},
}

@article{9,
  title={A},
  author={{}},
  year={[9]},
}

@article{10,
  title={A},
  author={{}},
  year={[10]},
}

@article{11,
  title={A},
  author={{}},
  year={[11]},
}

@article{12,
  title={A},
  author={{}},
  year={[12]},
}

@article{13,
  title={A},
  author={{}},
  year={[13]},
}

@article{14,
  title={A},
  author={{}},
  year={[14]},
}

@article{15,
  title={A},
  author={{}},
  year={[15]},
}

@article{16,
  title={A},
  author={{}},
  year={[16]},
}

@article{17,
  title={A},
  author={{}},
  year={[17]},
}

@article{18,
  title={A},
  author={{}},
  year={[18]},
}

@article{19,
  title={A},
  author={{}},
  year={[19]},
}

@article{20,
  title={A},
  author={{}},
  year={[20]},
}

@article{21,
  title={A},
  author={{}},
  year={[21]},
}

@article{22,
  title={A},
  author={{}},
  year={[22]},
}

@article{23,
  title={A},
  author={{}},
  year={[23]},
}

@article{24,
  title={A},
  author={{}},
  year={[24]},
}

@article{25,
  title={A},
  author={{}},
  year={[25]},
}

@article{26,
  title={A},
  author={{}},
  year={[26]},
}